@misc{vijinimallawaarachchi_2017_introduction,
  author = {Mallawaarachchi, Vijini},
  publisher = {Towards Data Science},
  title = {Introduction to genetic algorithms},
  url = {https://towardsdatascience.com/introduction-to-genetic-algorithms-including-example-code-e396e98d8bf3},
  year = {2017}
}

@article{gong_2011_distributed,
  author = {Gong, Yiyuan and Fukunaga, Alex},
  title = {Distributed island-model genetic algorithms using heterogeneous parameter settings},
  url = {https://ieeexplore.ieee.org/document/5949703},
  urldate = {2019-11-13},
  year = {2011},
  journal = {2011 IEEE Congress of Evolutionary Computation (CEC)}
}

@misc{whitley_1998_the,
  author = {Whitley, Darrell and Rana, Soraya and Heckendorn, Robert},
  title = {The Island Model Genetic Algorithm: On Separability, Population Size and Convergence},
  url = {http://neo.lcc.uma.es/Articles/WRH98.pdf},
  year = {1998}
}